<?xml version="1.0" encoding="UTF-8"?><collection xmlns="http://www.loc.gov/MARC21/slim"><record><leader>00682nam--2200229-u-4500</leader><controlfield tag="001">000053439</controlfield><controlfield tag="002">20161230</controlfield><controlfield tag="005">20161230201051</controlfield><controlfield tag="008">110404s1000------------r-----000-0-eng-d</controlfield><datafield ind1=" " ind2=" " tag="020"><subfield code="a">0387976558</subfield></datafield><datafield ind1=" " ind2=" " tag="040"><subfield code="a">IFIN-HH</subfield></datafield><datafield ind1=" " ind2=" " tag="080"><subfield code="a">530.162:519.21:517.95</subfield></datafield><datafield ind1="1" ind2=" " tag="100"><subfield code="a">Karatzas, Ioannis</subfield></datafield><datafield ind1="1" ind2="0" tag="245"><subfield code="a">Brownian motion and stochastic calculus</subfield><subfield code="c">Ioannis karatzas; steven e. shreve</subfield></datafield><datafield ind1=" " ind2=" " tag="250"><subfield code="a">Second Edition</subfield></datafield><datafield ind1=" " ind2=" " tag="260"><subfield code="a">New York</subfield><subfield code="b">Springer Science + Business Media, Inc</subfield><subfield code="c">1998</subfield></datafield><datafield ind1=" " ind2=" " tag="300"><subfield code="a">470P</subfield></datafield><datafield ind1=" " ind2=" " tag="490"><subfield code="a">Graduate Texts In Mathematics</subfield><subfield code="v">Vol. 113</subfield></datafield><datafield ind1=" " ind2="4" tag="650"><subfield code="a">Stochastic Analysis</subfield></datafield><datafield ind1="1" ind2=" " tag="700"><subfield code="a">Shereve, Steven E</subfield></datafield><datafield ind1=" " ind2=" " tag="852"><subfield code="a">81739</subfield><subfield code="c">530.161</subfield></datafield><datafield ind1=" " ind2=" " tag="CAT"><subfield code="a">Sys</subfield><subfield code="c">20110404</subfield><subfield code="h">161555</subfield></datafield></record></collection>